@Article{Yu_2006,
  author	   = {Yu, Haiyuan and Paccanaro, Alberto and Trifonov, Valery and
                  Gerstein, Mark},
  title		   = {Predicting interactions in protein networks by completing
                  defective cliques},
  year		   = 2006,
  volume	   = 22,
  number	   = 7,
  month		   = {Feb},
  pages		   = {823â€“829},
  issn		   = {1367-4803},
  doi		   = {10.1093/bioinformatics/btl014},
  url		   = {http://dx.doi.org/10.1093/bioinformatics/btl014},
  journal	   = {Bioinformatics},
  publisher	   = {Oxford University Press (OUP)}
}
