@inproceedings{anari2019log,
  title={Log-concave polynomials II: high-dimensional walks and an FPRAS for counting bases of a matroid},
  author={Anari, Nima and Liu, Kuikui and Gharan, Shayan Oveis and Vinzant, Cynthia},
  booktitle={Proceedings of the 51st Annual ACM SIGACT Symposium on Theory of Computing},
  pages={1--12},
  year={2019},
  organization={ACM}
}
@article{cryan2019modified,
  title={Modified log-Sobolev inequalities for strongly log-concave distributions},
  author={Cryan, Mary and Guo, Heng and Mousa, Giorgos},
  journal={arXiv preprint arXiv:1903.06081},
  year={2019}
}