@book{montenegro2006mathematical,
  title={Mathematical aspects of mixing times in Markov chains},
  author={Montenegro, Ravi R and Tetali, Prasad},
  year={2006},
  publisher={Now Publishers Inc}
}