@article{aldous1987markov,
  title={On the Markov chain simulation method for uniform combinatorial distributions and simulated annealing},
  author={Aldous, David},
  journal={Probability in the Engineering and Informational Sciences},
  volume={1},
  number={1},
  pages={33--46},
  year={1987},
  publisher={Cambridge University Press}
}

@article{SomeNotesForInnerProducts@Xiaoyu,
  title={Some Notes For Inner Products},
  note={\NoteLink{inner-products/note.pdf}}
}