@inproceedings{cryan2019modified,
  title={Modified log-Sobolev inequalities for strongly log-concave distributions},
  author={Cryan, Mary and Guo, Heng and Mousa, Giorgos},
  booktitle={2019 IEEE 60th Annual Symposium on Foundations of Computer Science (FOCS)},
  pages={1358--1370},
  year={2019},
  organization={IEEE}
}
@inproceedings{alev2020improved,
  title={Improved analysis of higher order random walks and applications},
  author={Alev, Vedat Levi and Lau, Lap Chi},
  booktitle={Proceedings of the 52nd Annual ACM SIGACT Symposium on Theory of Computing},
  pages={1198--1211},
  year={2020}
}