@article{blanca2021mixing,
  title={On mixing of Markov chains: Coupling, spectral independence, and entropy factorization},
  author={Blanca, Antonio and Caputo, Pietro and Chen, Zongchen and Parisi, Daniel and {\v{S}}tefankovi{\v{c}}, Daniel and Vigoda, Eric},
  journal={arXiv preprint arXiv:2103.07459},
  year={2021}
}
@article{liu2021coupling,
  title={From Coupling to Spectral Independence and Blackbox Comparison with the Down-Up Walk},
  author={Liu, Kuikui},
  journal={arXiv preprint arXiv:2103.11609},
  year={2021}
}
@article{ross2011,
  title={Fundamentals of Steinâ€™s method},
  author={Ross, Nathan and others},
  journal={Probability Surveys},
  volume={8},
  pages={210--293},
  year={2011},
  publisher={The Institute of Mathematical Statistics and the Bernoulli Society}
}