@book{CLV20-1,
  title={Optimal Mixing of Glauber Dynamics: Entropy Factorization via High-Dimensional Expansion},
  author={Chen, Zongchen and Liu, Kuikui and Vigoda, Eric},
  publisher={CORR},
  note={\url{https://arxiv.org/abs/2011.02075}},
  year={2020}
}
@inproceedings{caputo2015approximate,
  title={Approximate tensorization of entropy at high temperature},
  author={Caputo, Pietro and Menz, Georg and Tetali, Prasad},
  booktitle={Annales de la Facult{\'e} des sciences de Toulouse: Math{\'e}matiques},
  volume={24},
  number={4},
  pages={691--716},
  year={2015}
}
@article{caputo2020block,
  title={Block factorization of the relative entropy via spatial mixing},
  author={Caputo, Pietro and Parisi, Daniel},
  journal={arXiv preprint arXiv:2004.10574},
  year={2020}
}
@inproceedings{cryan2019modified,
  title={Modified log-Sobolev inequalities for strongly log-concave distributions},
  author={Cryan, Mary and Guo, Heng and Mousa, Giorgos},
  booktitle={2019 IEEE 60th Annual Symposium on Foundations of Computer Science (FOCS)},
  pages={1358--1370},
  year={2019},
  organization={IEEE}
}