@book{levin2017markov,
  title={Markov chains and mixing times},
  author={Levin, David A and Peres, Yuval},
  volume={107},
  year={2017},
  publisher={American Mathematical Soc.}
}
@book{norris1998markov,
  title={Markov chains},
  author={Norris, James R},
  number={2},
  year={1998},
  publisher={Cambridge university press}
}
@book{montenegro2006mathematical,
  title={Mathematical aspects of mixing times in Markov chains},
  author={Montenegro, Ravi R and Tetali, Prasad},
  year={2006},
  publisher={Now Publishers Inc}
}
@incollection{jerrum2005integrating,
  title={Integrating: Algorithms and Complexity, Lectures in Mathematics, ETH Z{\"u}rich},
  author={Jerrum, Mark and Counting, Sampling},
  year={2005},
  publisher={Birkhauser Verlag, Basel},
  note={\url{http://www.maths.qmul.ac.uk/~mj/ETHbook/chapter9.pdf}},
  chapter={9}
}